{1:001BRI}{2:I940RCBRI}{4:
:20:20231008023313
:25:020601093369507
:28C:23281/1
:60F:C231008IDR36184523
:61:231008D1000NMSC
:86:DARI 020601093369507 KE  059401002851105
:61:231008D4213500NMSC
:86:DARI 020601093369507 KE  059401002851105
:61:231008D795000NMSC
:86:QRIS593795331162#9360000210035172272
:61:231008D700000NMSC
:86:NBMB RONISUDRAJAT IND TO TOTOK KRIS
:61:231008D70000NMSC
:86:QRIS593825432308#9360000210035172272
:61:231008D1300000NMSC
:86:QRIS593842475365#9360000210035172272
:62F:C231008IDR29105023
-}