{1:F01BANK BTN}{2:I940PT JATELINDO PERKASA ABADI}{4:
:20:20241016104311
:25:060301300001215
:28C:241016/12150.00
:60F:C241016IDR6867432
:61:241016D12150NTRFNONREF//24101693001440000001
:86:test transfer interbank TRF 00000001260007644536 JATELINDO PERKA JAT18785739
:61:241016D10150NTRFNONREF//24101693001440000002
:86:test transfer interbank TRF 00000001260007644536 JATELINDO PERKA JAT18122537
:62F:C241016IDR6845132
-}